<record><leader>00000cas a22000007a 4500</leader><controlfield tag="001">22399251</controlfield><controlfield tag="008">900918d19091913maudn ne      0    0eng d</controlfield><datafield ind1=" " ind2=" " tag="010"><subfield code="a">sn 89062478 </subfield></datafield><datafield ind1=" " ind2=" " tag="040"><subfield code="a">MGN</subfield><subfield code="b">eng</subfield><subfield code="c">MGN</subfield><subfield code="d">OCLCQ</subfield></datafield><datafield ind1=" " ind2=" " tag="042"><subfield code="a">msc</subfield></datafield><datafield ind1="0" ind2=" " tag="130"><subfield code="a">Quincy telegram (Quincy, Mass. : 1909)</subfield></datafield><datafield ind1="1" ind2="4" tag="245"><subfield code="a">The Quincy telegram.</subfield></datafield><datafield ind1=" " ind2=" " tag="260"><subfield code="a">Quincy, Mass. :</subfield><subfield code="b">Spargo Print</subfield></datafield><datafield ind1=" " ind2=" " tag="300"><subfield code="a">v.</subfield></datafield><datafield ind1=" " ind2=" " tag="310"><subfield code="a">Daily (except Sun)</subfield></datafield><datafield ind1="0" ind2=" " tag="362"><subfield code="a">Vol. 1, no. 6 (June 7, 1909)-v. 1, no. 11 (June 12, 1909) ; No. 12, (June 14, 1909)-No. 1218 (June 6, 1913).</subfield></datafield><datafield ind1=" " ind2=" " tag="752"><subfield code="a">United States</subfield><subfield code="b">Massachusetts</subfield><subfield code="c">Norfolk</subfield><subfield code="d">Quincy.</subfield></datafield><datafield ind1="0" ind2="0" tag="780"><subfield code="t">Houghs Neck news and Quincy telegram</subfield><subfield code="w">(DLC)sn 89062477</subfield></datafield><datafield ind1="0" ind2="0" tag="785"><subfield code="t">Quincy evening telegram</subfield><subfield code="w">(DLC)sn 89062479</subfield></datafield></record>